{
  "leader": "01201cam a2200337M  4500",
  "fields": [
    {
      "001": "on1048881634"
    },
    {
      "003": "OCoLC"
    },
    {
      "005": "20211008170349.0"
    },
    {
      "008": "860827nuuuuuuuuxx\\\\\\\\\\\\\\\\\\\\\\\\000\\0\\eng\\d"
    },
    {
      "040": {
        "ind1": "\\",
        "ind2": "\\",
        "subfields": [
          {
            "a": "PAU"
          },
          {
            "b": "eng"
          },
          {
            "c": "PAU"
          },
          {
            "d": "OCLCQ"
          }
        ]
      }
    },
    {
      "019": {
        "ind1": "\\",
        "ind2": "\\",
        "subfields": [
          {
            "a": "1080592465"
          }
        ]
      }
    },
    {
      "035": {
        "ind1": "\\",
        "ind2": "\\",
        "subfields": [
          {
            "a": "(OCoLC)1048881634"
          },
          {
            "z": "(OCoLC)1080592465"
          }
        ]
      }
    },
    {
      "050": {
        "ind1": "\\",
        "ind2": "4",
        "subfields": [
          {
            "a": "R737"
          },
          {
            "b": ".C7c 1966"
          }
        ]
      }
    },
    {
      "082": {
        "ind1": "0",
        "ind2": "4",
        "subfields": [
          {
            "a": "610.711"
          },
          {
            "b": "CRI"
          }
        ]
      }
    },
    {
      "245": {
        "ind1": "0",
        "ind2": "0",
        "subfields": [
          {
            "a": "Crisis in medical services and medical education :"
          },
          {
            "b": "Report on an Exploratory Conference February 20-25, 1966, Fort Lauderdale, Florida /"
          },
          {
            "c": "[John R. Walsh, conference rapporteur]."
          }
        ]
      }
    },
    {
      "260": {
        "ind1": "\\",
        "ind2": "\\",
        "subfields": [
          {
            "a": "[Place of publication not identified] :"
          },
          {
            "b": "[publisher not identified],"
          },
          {
            "c": "1966."
          }
        ]
      }
    },
    {
      "300": {
        "ind1": "\\",
        "ind2": "\\",
        "subfields": [
          {
            "a": "20 pages ;"
          },
          {
            "c": "28 cm"
          }
        ]
      }
    },
    {
      "336": {
        "ind1": "\\",
        "ind2": "\\",
        "subfields": [
          {
            "a": "text"
          },
          {
            "b": "txt"
          },
          {
            "2": "rdacontent"
          }
        ]
      }
    },
    {
      "337": {
        "ind1": "\\",
        "ind2": "\\",
        "subfields": [
          {
            "a": "unmediated"
          },
          {
            "b": "n"
          },
          {
            "2": "rdamedia"
          }
        ]
      }
    },
    {
      "338": {
        "ind1": "\\",
        "ind2": "\\",
        "subfields": [
          {
            "a": "volume"
          },
          {
            "b": "nc"
          },
          {
            "2": "rdacarrier"
          }
        ]
      }
    },
    {
      "500": {
        "ind1": "\\",
        "ind2": "\\",
        "subfields": [
          {
            "a": "Sponsered by the Commonwealth Fund and Carnegie Corporation of New York."
          }
        ]
      }
    },
    {
      "650": {
        "ind1": "\\",
        "ind2": "2",
        "subfields": [
          {
            "a": "Education, Medical."
          }
        ]
      }
    },
    {
      "650": {
        "ind1": "\\",
        "ind2": "2",
        "subfields": [
          {
            "a": "Health facilities."
          }
        ]
      }
    },
    {
      "650": {
        "ind1": "\\",
        "ind2": "2",
        "subfields": [
          {
            "a": "Hospitals."
          }
        ]
      }
    },
    {
      "650": {
        "ind1": "\\",
        "ind2": "0",
        "subfields": [
          {
            "a": "Medical education."
          }
        ]
      }
    },
    {
      "650": {
        "ind1": "\\",
        "ind2": "0",
        "subfields": [
          {
            "a": "Health facilities."
          }
        ]
      }
    },
    {
      "650": {
        "ind1": "\\",
        "ind2": "0",
        "subfields": [
          {
            "a": "Hospitals."
          }
        ]
      }
    },
    {
      "994": {
        "ind1": "\\",
        "ind2": "\\",
        "subfields": [
          {
            "a": "Z0"
          },
          {
            "b": "NYRVC"
          }
        ]
      }
    },
    {
      "948": {
        "ind1": "\\",
        "ind2": "\\",
        "subfields": [
          {
            "h": "NO HOLDINGS IN NYRVC - 1 OTHER HOLDINGS"
          }
        ]
      }
    },
    {
      "999": {
        "ind1": "\\",
        "ind2": "\\",
        "subfields": [
          {
            "a": "No barcode."
          }
        ]
      }
    },
    {
      "999": {
        "ind1": "\\",
        "ind2": "\\",
        "subfields": [
          {
            "a": "No barcode, second copy."
          }
        ]
      }
    }
  ]
}